@book{rudin64,
  title={Principles of mathematical analysis},
  author={Rudin, Walter and others},
  volume={3},
  year={1964},
  publisher={McGraw-hill New York}
}

@book{queen,
  title={The Stone-Weierstrass Theorem},
  author={Matt Young},
  volume={notes MATH-328},
  year={2006},
  publisher={Queen's University at Kingston}
}

